<?xml version="1.0" encoding="UTF-8"?><record xmlns="http://www.loc.gov/MARC21/slim" xmlns:cinclude="http://apache.org/cocoon/include/1.0" xmlns:zs="http://www.loc.gov/zing/srw/">
  <leader>00595nz  a2200169n  4500</leader>
  <controlfield tag="001">no2013093833</controlfield>
  <controlfield tag="003">DLC</controlfield>
  <controlfield tag="005">20130903073506.0</controlfield>
  <controlfield tag="008">130902n| azannaabn          |b aaa     c</controlfield>
  <datafield tag="010" ind1=" " ind2=" ">
    <subfield code="a">no2013093833</subfield>
  </datafield>
  <datafield tag="035" ind1=" " ind2=" ">
    <subfield code="a">(OCoLC)oca09557496</subfield>
  </datafield>
  <datafield tag="040" ind1=" " ind2=" ">
    <subfield code="a">InU</subfield>
    <subfield code="b">eng</subfield>
    <subfield code="e">rda</subfield>
    <subfield code="c">InU</subfield>
  </datafield>
  <datafield tag="100" ind1="1" ind2=" ">
    <subfield code="a">Ṭalʻat, Umnīyah</subfield>
  </datafield>
  <datafield tag="400" ind1="1" ind2=" ">
    <subfield code="a">طلعت، أمنية</subfield>
  </datafield>
  <datafield tag="667" ind1=" " ind2=" ">
    <subfield code="a">Non-Latin script reference not evaluated</subfield>
  </datafield>
  <datafield tag="670" ind1=" " ind2=" ">
    <subfield code="a">طلعت، أمنية. نسائي الجميلات، 2013:</subfield>
    <subfield code="b">title page (أمنية طلعت)</subfield>
  </datafield>
  <datafield tag="670" ind1=" " ind2=" ">
    <subfield code="a">Ṭalʻat, Umnīyah. Nisāʼī al-jamīlāt, 2013:</subfield>
    <subfield code="b">title page (Umnīyah Ṭalʻat)</subfield>
  </datafield>
</record>